# Estos son de ejemplo, quitar y añadir los que usemos
@Article{BibTeXPracTex,
  author = 	 {J\"urgen Fenn},
  title = 	 {Managing Citations and Your Bibliography with {BibTeX}},
  journal = 	 {The Prac\TeX\ Journal},
  year = 	 2006,
  volume = 2006,
  number =	 4
}

@Book{AtazLopezEmacs,
  author = {Joaquín Ataz López},
  title =	 {Creación de ficheros \LaTeX\ con {GNU} Emacs},
  publisher = 	 {Versión electrónica},
  year = 	 {2004},
  webpage = {http://ctan.org/get/info/spanish/guia-atx/guia-atx.pdf},
  lastaccess = {Octubre, 2009},
}
